<collection xmlns="http://www.loc.gov/MARC21/slim">
<record>
  <leader>01290ncm0a22002531i 450 </leader>
  <controlfield tag="001">IT\ICCU\CNCE\044901</controlfield>
  <controlfield tag="005">20090915000000.0</controlfield>
  <datafield tag="100" ind1=" " ind2=" ">
    <subfield code="a">19990106d1566        0itac0103    ba</subfield>
  </datafield>
  <datafield tag="101" ind1=" " ind2=" ">
    <subfield code="a">ITA</subfield>
  </datafield>
  <datafield tag="102" ind1=" " ind2=" ">
    <subfield code="a">IT</subfield>
  </datafield>
  <datafield tag="200" ind1="1" ind2=" ">
    <subfield code="a">℗Il ℗terzo libro de madrigali a cinque et a sei voci de l&apos;eccellente musico Io. Leonardo Primavera. Nouamente da lui composto e dato in luce</subfield>
  </datafield>
  <datafield tag="210" ind1=" " ind2=" ">
    <subfield code="d">In Venetia</subfield>
    <subfield code="e">In Venetia</subfield>
    <subfield code="g">appresso Francesco Rampazetto</subfield>
    <subfield code="h">1566</subfield>
  </datafield>
  <datafield tag="215" ind1=" " ind2=" ">
    <subfield code="a">6 fasc.</subfield>
    <subfield code="d">4ʻ obl</subfield>
  </datafield>
  <datafield tag="300" ind1=" " ind2=" ">
    <subfield code="a">S, A, T, B, 5, 6</subfield>
  </datafield>
  <datafield tag="620" ind1=" " ind2=" ">
    <subfield code="a">IT</subfield>
    <subfield code="d">Venezia</subfield>
  </datafield>
  <datafield tag="700" ind1=" " ind2="1">
    <subfield code="a">Primavera,</subfield>
    <subfield code="b">Giovanni Leonardo</subfield>
    <subfield code="3">IT\ICCU\CNCA\011782</subfield>
  </datafield>
  <datafield tag="712" ind1="0" ind2="0">
    <subfield code="a">Rampazetto, Francesco</subfield>
    <subfield code="c"> &lt;1.&gt;</subfield>
    <subfield code="3">IT\ICCU\CNCT\000034</subfield>
    <subfield code="4">650</subfield>
  </datafield>
  <datafield tag="712" ind1="0" ind2="2">
    <subfield code="a">Tipografo non identificato</subfield>
    <subfield code="3">IT\ICCU\CNCT\003341</subfield>
    <subfield code="4">650</subfield>
  </datafield>
  <datafield tag="791" ind1="0" ind2="2">
    <subfield code="a">Rampazzetto Francesco</subfield>
    <subfield code="3">IT\ICCU\CNCT\005286</subfield>
    <subfield code="z">Rampazetto, Francesco &lt;1.&gt;</subfield>
  </datafield>
  <datafield tag="791" ind1="0" ind2="0">
    <subfield code="a">Rampazetus, Franciscus</subfield>
    <subfield code="3">IT\ICCU\CNCT\005287</subfield>
    <subfield code="z">Rampazetto, Francesco &lt;1.&gt;</subfield>
  </datafield>
  <datafield tag="801" ind1=" " ind2="3">
    <subfield code="a">IT</subfield>
    <subfield code="b">ICCU</subfield>
    <subfield code="c">20201114</subfield>
  </datafield>
  <datafield tag="899" ind1=" " ind2=" ">
    <subfield code="a">Biblioteca comunale. Fabriano</subfield>
    <subfield code="z">(6)</subfield>
    <subfield code="1">AN0033</subfield>
    <subfield code="2">URB BF</subfield>
  </datafield>
  <datafield tag="911" ind1=" " ind2=" ">
    <subfield code="a">Sul front. e coloph. 6Anche senza motto</subfield>
    <subfield code="9">IT\ICCU\CNCM\000588</subfield>
  </datafield>
  <datafield tag="921" ind1=" " ind2=" ">
    <subfield code="a">IT\ICCU\CNCM\000588</subfield>
    <subfield code="b">Virt ̮(donna con una palma e una corona in mano).</subfield>
    <subfield code="e">Virtus Dei donum; Questa in ciel ci conduce, e&apos;n terra honora</subfield>
    <subfield code="c">V430</subfield>
    <subfield code="c">Z1201</subfield>
    <subfield code="d">Dimensioni: 4,6 x 5,2</subfield>
    <subfield code="f">CORONA</subfield>
    <subfield code="f">PALMA</subfield>
    <subfield code="f">VIRTU&apos;</subfield>
    <subfield code="g">1554-1600</subfield>
  </datafield>
</record>
</collection>
